@book{SBC,
	Author={Sociedade Brasileira de Cardiologia},
	Title={I Diretriz de Ressucitação Cardiopulmonar e Cuidados Cardiovasculares de Emergência da Sociedade Brasileira de Cardiologia},
	Publisher={SBC - Núcleo Interno de Publicações},
	Address={Av. Marechal Câmara, 160 - 3o andar - Sala 330 20020-907 • Centro • Rio de Janeiro, RJ • Brasil},
	Year={2013}	
}

@book{PAP,
	Author={Eduardo, Osiel Rosa},
	Title={Protocolo de atendimento pré-hospitalar CBMDF},
	Publisher={Editora CBMDF},
	Address={Brasília},
	Year={2003}	
}

@article{PQA,
	Author={Gustavo Pereira Fraga},
	Title={O desafio do consumo de energia dos Data Centers no Brasil},
	Url={http://revista.fmrp.usp.br/2007/vol40n3/2_programas_qualidade_atendimento_trauma.pdf},
	Urlaccessdate={24 abr. 2015},
	Year={2007}
}

@article{DEE,
	Author={Yutaka Takei},
	Title={Do early emergency calls before patient collapse improve survival after out-of-hospital cardiac arrest},
	Url={www.elsevier.com/locate/resuscitation},
	Urlaccessdate={24 abr. 2015},
	Year={2014}
}

@article{SDM,
	Author={Guowei Cai; Lin Feng; Ben M. Chen; Tong H. Lee},
	Title={Systematic design methodology and construction of UAV helicopters},
	Url={www.elsevier.com/locate/mechatronics},
	Urlaccessdate={24 abr. 2015},
	Year={2007}
}

@article{UDE,
	Author={Roger Clarke},
	Title={Understanding the drone epidemic},
	Url={https://www.compseconline.com/publications/prodclaw.htm},
	Urlaccessdate={24 abr. 2015},
	Year={2014}
}

@article{ceolin,
	Author = {Sabrina U Ceolin AND Nara Marisco},
	Title = {FATORES DE RISCOS PARA DOENÇAS CARDIOVASCULARES EM IDOSOS},
	Year={2011}
}


@article{portal,
	Author = {Brasil},
	Title = {Ministerio da Saude, 688 mil habitantes do DF têm pelo menos uma doença crônica},
	Url = {http://portalsaude.saude.gov.br/index.php/cidadao/principal/agencia-saude/16005-688-mil-habitantes-do-df-tem-pelo-menos-uma-doenca-cronica},
	Urlaccessdate = {26/04/2015},
	Year={2015}
}